
@book{Ogunnaike1994,
address = {New York},
author = {Ogunnaike, Babatunde A and Ray, W Harmon},
isbn = {0-19-509119-1},
keywords = {Prosesstyring},
pages = {XX, 1260 s. : ill.},
publisher = {Oxford University Press},
title = {{Process dynamics, modeling, and control }},
year = {1994}
}
